@article{cantor1895beitrage,
	title={Beitr{\"a}ge zur Begr{\"u}ndung der transfiniten Mengenlehre},
	author={Cantor, Georg},
	journal={Mathematische Annalen},
	volume={46},
	number={4},
	pages={481--512},
	year={1895},
	publisher={Springer}
}

@book{mml_group_36,
	title={Mathematics for machine learning},
	author={Deisenroth, Marc Peter and Faisal, A Aldo and Ong, Cheng Soon},
	year={2020},
	pages={36},
	publisher={Cambridge University Press}
}

@book{mml_vector_space_37,
	title={Mathematics for machine learning},
	author={Deisenroth, Marc Peter and Faisal, A Aldo and Ong, Cheng Soon},
	year={2020},
	pages={37},
	publisher={Cambridge University Press}
}